@inproceedings{Fahlman1990TheRC,
  title={The Recurrent Cascade-Correlation Architecture},
  author={Scott E. Fahlman},
  booktitle={NIPS},
  year={1990}
}
@article{DBLP:journals/corr/ChungGCB15,
  author    = {Junyoung Chung and
               {\c{C}}aglar G{\"{u}}l{\c{c}}ehre and
               KyungHyun Cho and
               Yoshua Bengio},
  title     = {Gated Feedback Recurrent Neural Networks},
  journal   = {CoRR},
  volume    = {abs/1502.02367},
  year      = {2015},
  url       = {http://arxiv.org/abs/1502.02367},
  archivePrefix = {arXiv},
  eprint    = {1502.02367},
  timestamp = {Mon, 13 Aug 2018 16:48:39 +0200},
  biburl    = {https://dblp.org/rec/bib/journals/corr/ChungGCB15},
  bibsource = {dblp computer science bibliography, https://dblp.org}
}
@article{DBLP:journals/corr/MikolovJCMR14,
  author    = {Tomas Mikolov and
               Armand Joulin and
               Sumit Chopra and
               Micha{\"{e}}l Mathieu and
               Marc'Aurelio Ranzato},
  title     = {Learning Longer Memory in Recurrent Neural Networks},
  journal   = {CoRR},
  volume    = {abs/1412.7753},
  year      = {2014},
  url       = {http://arxiv.org/abs/1412.7753},
  archivePrefix = {arXiv},
  eprint    = {1412.7753},
  timestamp = {Mon, 13 Aug 2018 16:47:25 +0200},
  biburl    = {https://dblp.org/rec/bib/journals/corr/MikolovJCMR14},
  bibsource = {dblp computer science bibliography, https://dblp.org}
}
@article{DBLP:journals/corr/LeJH15,
  author    = {Quoc V. Le and
               Navdeep Jaitly and
               Geoffrey E. Hinton},
  title     = {A Simple Way to Initialize Recurrent Networks of Rectified Linear
               Units},
  journal   = {CoRR},
  volume    = {abs/1504.00941},
  year      = {2015},
  url       = {http://arxiv.org/abs/1504.00941},
  archivePrefix = {arXiv},
  eprint    = {1504.00941},
  timestamp = {Mon, 13 Aug 2018 16:48:41 +0200},
  biburl    = {https://dblp.org/rec/bib/journals/corr/LeJH15},
  bibsource = {dblp computer science bibliography, https://dblp.org}
}
@ARTICLE{2015arXiv150205698W,
   author = {{Weston}, J. and {Bordes}, A. and {Chopra}, S. and {Rush}, A.~M. and 
    {van Merri{\"e}nboer}, B. and {Joulin}, A. and {Mikolov}, T.
    },
    title = "{Towards AI-Complete Question Answering: A Set of Prerequisite Toy Tasks}",
  journal = {ArXiv e-prints},
archivePrefix = "arXiv",
   eprint = {1502.05698},
 primaryClass = "cs.AI",
 keywords = {Computer Science - Artificial Intelligence, Computer Science - Computation and Language, Statistics - Machine Learning},
     year = 2015,
    month = feb,
   adsurl = {http://adsabs.harvard.edu/abs/2015arXiv150205698W},
  adsnote = {Provided by the SAO/NASA Astrophysics Data System}
}
@inproceedings{Fahlman1990TheRC,
  title={The Recurrent Cascade-Correlation Architecture},
  author={Scott E. Fahlman},
  booktitle={NIPS},
  year={1990}
}
@INPROCEEDINGS{Mozer94neuralnet,
    author = {Michael C. Mozer},
    title = {Neural Net Architectures for Temporal Sequence Processing},
    booktitle = {},
    year = {1994},
    pages = {243--264},
    publisher = {Addison-Wesley}
}
BibTeX | EndNote | ACM Ref
@article{hoch97,
 author = {Hochreiter, Sepp and Schmidhuber, J\"{u}rgen},
 title = {Long Short-Term Memory},
 journal = {Neural Comput.},
 issue_date = {November 15, 1997},
 volume = {9},
 number = {8},
 month = nov,
 year = {1997},
 issn = {0899-7667},
 pages = {1735--1780},
 numpages = {46},
 url = {http://dx.doi.org/10.1162/neco.1997.9.8.1735},
 doi = {10.1162/neco.1997.9.8.1735},
 acmid = {1246450},
 publisher = {MIT Press},
 address = {Cambridge, MA, USA},
} 
@article{DBLP:journals/corr/ChungGCB14,
  author    = {Junyoung Chung and
               {\c{C}}aglar G{\"{u}}l{\c{c}}ehre and
               KyungHyun Cho and
               Yoshua Bengio},
  title     = {Empirical Evaluation of Gated Recurrent Neural Networks on Sequence
               Modeling},
  journal   = {CoRR},
  volume    = {abs/1412.3555},
  year      = {2014},
  url       = {http://arxiv.org/abs/1412.3555},
  archivePrefix = {arXiv},
  eprint    = {1412.3555},
  timestamp = {Mon, 13 Aug 2018 16:47:38 +0200},
  biburl    = {https://dblp.org/rec/bib/journals/corr/ChungGCB14},
  bibsource = {dblp computer science bibliography, https://dblp.org}
}
@article{DBLP:journals/corr/LeJH15,
  author    = {Quoc V. Le and
               Navdeep Jaitly and
               Geoffrey E. Hinton},
  title     = {A Simple Way to Initialize Recurrent Networks of Rectified Linear
               Units},
  journal   = {CoRR},
  volume    = {abs/1504.00941},
  year      = {2015},
  url       = {http://arxiv.org/abs/1504.00941},
  archivePrefix = {arXiv},
  eprint    = {1504.00941},
  timestamp = {Mon, 13 Aug 2018 16:48:41 +0200},
  biburl    = {https://dblp.org/rec/bib/journals/corr/LeJH15},
  bibsource = {dblp computer science bibliography, https://dblp.org}
}
@article{DBLP:journals/corr/MikolovJCMR14,
  author    = {Tomas Mikolov and
               Armand Joulin and
               Sumit Chopra and
               Micha{\"{e}}l Mathieu and
               Marc'Aurelio Ranzato},
  title     = {Learning Longer Memory in Recurrent Neural Networks},
  journal   = {CoRR},
  volume    = {abs/1412.7753},
  year      = {2014},
  url       = {http://arxiv.org/abs/1412.7753},
  archivePrefix = {arXiv},
  eprint    = {1412.7753},
  timestamp = {Mon, 13 Aug 2018 16:47:25 +0200},
  biburl    = {https://dblp.org/rec/bib/journals/corr/MikolovJCMR14},
  bibsource = {dblp computer science bibliography, https://dblp.org}
}
@article{DBLP:journals/corr/ArjovskySB15,
  author    = {Mart{\'{\i}}n Arjovsky and
               Amar Shah and
               Yoshua Bengio},
  title     = {Unitary Evolution Recurrent Neural Networks},
  journal   = {CoRR},
  volume    = {abs/1511.06464},
  year      = {2015},
  url       = {http://arxiv.org/abs/1511.06464},
  archivePrefix = {arXiv},
  eprint    = {1511.06464},
  timestamp = {Mon, 13 Aug 2018 16:46:40 +0200},
  biburl    = {https://dblp.org/rec/bib/journals/corr/ArjovskySB15},
  bibsource = {dblp computer science bibliography, https://dblp.org}
}
@article{DBLP:journals/corr/DorobantuSR16,
  author    = {Victor Dorobantu and
               Per Andre Stromhaug and
               Jess Renteria},
  title     = {DizzyRNN: Reparameterizing Recurrent Neural Networks for Norm-Preserving
               Backpropagation},
  journal   = {CoRR},
  volume    = {abs/1612.04035},
  year      = {2016},
  url       = {http://arxiv.org/abs/1612.04035},
  archivePrefix = {arXiv},
  eprint    = {1612.04035},
  timestamp = {Mon, 13 Aug 2018 16:49:14 +0200},
  biburl    = {https://dblp.org/rec/bib/journals/corr/DorobantuSR16},
  bibsource = {dblp computer science bibliography, https://dblp.org}
}
@article{DBLP:journals/corr/abs-1803-04831,
  author    = {Shuai Li and
               Wanqing Li and
               Chris Cook and
               Ce Zhu and
               Yanbo Gao},
  title     = {Independently Recurrent Neural Network (IndRNN): Building {A} Longer
               and Deeper {RNN}},
  journal   = {CoRR},
  volume    = {abs/1803.04831},
  year      = {2018},
  url       = {http://arxiv.org/abs/1803.04831},
  archivePrefix = {arXiv},
  eprint    = {1803.04831},
  timestamp = {Mon, 13 Aug 2018 16:48:29 +0200},
  biburl    = {https://dblp.org/rec/bib/journals/corr/abs-1803-04831},
  bibsource = {dblp computer science bibliography, https://dblp.org}
}
@ARTICLE{2018arXiv180608267W,
   author = {{Wolter}, M. and {Yao}, A.},
    title = "{Gated Complex Recurrent Neural Networks}",
  journal = {ArXiv e-prints},
archivePrefix = "arXiv",
   eprint = {1806.08267},
 keywords = {Computer Science - Machine Learning, Statistics - Machine Learning},
     year = 2018,
    month = jun,
   adsurl = {http://adsabs.harvard.edu/abs/2018arXiv180608267W},
  adsnote = {Provided by the SAO/NASA Astrophysics Data System}
}
@article{DBLP:journals/corr/WestonBCM15,
  author    = {Jason Weston and
               Antoine Bordes and
               Sumit Chopra and
               Tomas Mikolov},
  title     = {Towards AI-Complete Question Answering: {A} Set of Prerequisite Toy
               Tasks},
  journal   = {CoRR},
  volume    = {abs/1502.05698},
  year      = {2015},
  url       = {http://arxiv.org/abs/1502.05698},
  archivePrefix = {arXiv},
  eprint    = {1502.05698},
  timestamp = {Mon, 13 Aug 2018 16:47:58 +0200},
  biburl    = {https://dblp.org/rec/bib/journals/corr/WestonBCM15},
  bibsource = {dblp computer science bibliography, https://dblp.org}
}
@article{Pascanu2012UnderstandingTE,
  title={Understanding the exploding gradient problem},
  author={Razvan Pascanu and Tomas Mikolov and Yoshua Bengio},
  journal={CoRR},
  year={2012},
  volume={abs/1211.5063}
}
@MISC{Krizhevsky10convolutionaldeep,
    author = {Alex Krizhevsky},
    title = {Convolutional deep belief networks on cifar-10},
    year = {2010}
}
@misc{Cunha13,
  author        = {Jo{\~a}o Cunha},
  title         = {Lecture 6a: 
Overview of mini-batch gradient descent},
  month         = {February},
  year          = {2014},
  publisher={University of Toronto}
}
@article{PhysRevLett.120.024102,
  title = {Model-Free Prediction of Large Spatiotemporally Chaotic Systems from Data: A Reservoir Computing Approach},
  author = {Pathak, Jaideep and Hunt, Brian and Girvan, Michelle and Lu, Zhixin and Ott, Edward},
  journal = {Phys. Rev. Lett.},
  volume = {120},
  issue = {2},
  pages = {024102},
  numpages = {5},
  year = {2018},
  month = {Jan},
  publisher = {American Physical Society},
  doi = {10.1103/PhysRevLett.120.024102},
  url = {https://link.aps.org/doi/10.1103/PhysRevLett.120.024102}
}
@Article{Giles2001,
author="Giles, C. Lee
and Lawrence, Steve
and Tsoi, Ah Chung",
title="Noisy Time Series Prediction using Recurrent Neural Networks and Grammatical Inference",
journal="Machine Learning",
year="2001",
month="Jul",
day="01",
volume="44",
number="1",
pages="161--183",
issn="1573-0565",
doi="10.1023/A:1010884214864",
url="https://doi.org/10.1023/A:1010884214864"
}
@inproceedings{graves2009offline,
  title={Offline handwriting recognition with multidimensional recurrent neural networks},
  author={Graves, Alex and Schmidhuber, J{\"u}rgen},
  booktitle={Advances in neural information processing systems},
  pages={545--552},
  year={2009}
}
@article{DBLP:journals/corr/SakSB14,
  author    = {Hasim Sak and
               Andrew W. Senior and
               Fran{\c{c}}oise Beaufays},
  title     = {Long Short-Term Memory Based Recurrent Neural Network Architectures
               for Large Vocabulary Speech Recognition},
  journal   = {CoRR},
  volume    = {abs/1402.1128},
  year      = {2014},
  url       = {http://arxiv.org/abs/1402.1128},
  archivePrefix = {arXiv},
  eprint    = {1402.1128},
  timestamp = {Mon, 13 Aug 2018 16:47:37 +0200},
  biburl    = {https://dblp.org/rec/bib/journals/corr/SakSB14},
  bibsource = {dblp computer science bibliography, https://dblp.org}
}
@article{bahdanau2014neural,
  title={Neural machine translation by jointly learning to align and translate},
  author={Bahdanau, Dzmitry and Cho, Kyunghyun and Bengio, Yoshua},
  journal={arXiv preprint arXiv:1409.0473},
  year={2014}
}
@inproceedings{mikolov2010recurrent,
  title={Recurrent neural network based language model},
  author={Mikolov, Tom{\'a}{\v{s}} and Karafi{\'a}t, Martin and Burget, Luk{\'a}{\v{s}} and {\v{C}}ernock{\`y}, Jan and Khudanpur, Sanjeev},
  booktitle={Eleventh Annual Conference of the International Speech Communication Association},
  year={2010}
}
@inproceedings{oubbati2005kinematic,
  title={Kinematic and dynamic adaptive control of a nonholonomic mobile robot using a RNN},
  author={Oubbati, Mohamed and Schanz, Michael and Levi, Paul},
  booktitle={Computational Intelligence in Robotics and Automation, 2005. CIRA 2005. Proceedings. 2005 IEEE International Symposium on},
  pages={27--33},
  year={2005},
  organization={IEEE}
}
@article{el2008predicting,
  title={Predicting linear B-cell epitopes using string kernels},
  author={EL-Manzalawy, Yasser and Dobbs, Drena and Honavar, Vasant},
  journal={Journal of Molecular Recognition: An Interdisciplinary Journal},
  volume={21},
  number={4},
  pages={243--255},
  year={2008},
  publisher={Wiley Online Library}
}
@inproceedings{pascanu2013difficulty,
  title={On the difficulty of training recurrent neural networks},
  author={Pascanu, Razvan and Mikolov, Tomas and Bengio, Yoshua},
  booktitle={International Conference on Machine Learning},
  pages={1310--1318},
  year={2013}
}
@inproceedings{bengio2013advances,
  title={Advances in optimizing recurrent networks},
  author={Bengio, Yoshua and Boulanger-Lewandowski, Nicolas and Pascanu, Razvan},
  booktitle={Acoustics, Speech and Signal Processing (ICASSP), 2013 IEEE International Conference on},
  pages={8624--8628},
  year={2013},
  organization={IEEE}
}
@article{pascanu2012understanding,
  title={Understanding the exploding gradient problem},
  author={Pascanu, Razvan and Mikolov, Tomas and Bengio, Yoshua},
  journal={CoRR, abs/1211.5063},
  year={2012}
}
@article{870468,
 author = {Gers F., A. and Schmidhuber, J. and Cummins, F.},
 title = {Learning to Forget: Continual Prediction with LSTM},
 year = {1999},
 source = {http://www.ncstrl.org:8900/ncstrl/servlet/search?formname=detail\&id=oai%3Ancstrlh%3Aidsia_ch%3Ancstrl.idsia.ch%2F%2FIDSIA-01-99},
 publisher = {Istituto Dalle Molle Di Studi Sull Intelligenza Artificiale},
} 
@ARTICLE{6795261, 
author={J. Schmidhuber}, 
journal={Neural Computation}, 
title={Learning Complex, Extended Sequences Using the Principle of History Compression}, 
year={1992}, 
volume={4}, 
number={2}, 
pages={234-242}, 
keywords={}, 
doi={10.1162/neco.1992.4.2.234}, 
ISSN={0899-7667}, 
month={March},}